
%1
@article{albrecht2015complexity,
  title={{On the Complexity of the BKW algorithm on LWE}},
  author={Albrecht, Martin R and Cid, Carlos and Faugere, Jean-Charles and Fitzpatrick, Robert and Perret, Ludovic},
  journal={Designs, Codes and Cryptography},
  volume={74},
  number={2},
  pages={325--354},
  year={2015},
  publisher={Springer}
}

%2
@article{ateniese2006improved,
  title={Improved proxy re-encryption schemes with applications to secure distributed storage},
  author={Ateniese, Giuseppe and Fu, Kevin and Green, Matthew and Hohenberger, Susan},
  journal={ACM Transactions on Information and System Security (TISSEC)},
  volume={9},
  number={1},
  pages={1--30},
  year={2006},
  publisher={ACM}
}

%3
@inproceedings{blaze1998divertible,
  title={Divertible protocols and atomic proxy cryptography},
  author={Blaze, Matt and Bleumer, Gerrit and Strauss, Martin},
  booktitle={International Conference on the Theory and Applications of Cryptographic Techniques},
  pages={127--144},
  year={1998},
  organization={Springer}
}

%4
@article{brakerski2014leveled,
  title={{(Leveled) fully homomorphic encryption without bootstrapping}},
  author={Brakerski, Zvika and Gentry, Craig and Vaikuntanathan, Vinod},
  journal={ACM Transactions on Computation Theory (TOCT)},
  volume={6},
  pages={13},
  year={2014},
  publisher={ACM}
}

%5
@inproceedings{brakerski2011fully,
  title={{Fully homomorphic encryption from ring-LWE and security for key dependent messages}},
  author={Brakerski, Zvika and Vaikuntanathan, Vinod},
  booktitle={Annual cryptology conference},
  pages={505--524},
  year={2011},
  organization={Springer}
}

%6
@article{brakerski2014efficient,
  title={{Efficient fully homomorphic encryption from (standard) LWE}},
  author={Brakerski, Zvika and Vaikuntanathan, Vinod},
  journal={SIAM Journal on Computing},
  volume={43},
  number={2},
  pages={831--871},
  year={2014},
  publisher={SIAM}
}

%7
@inproceedings{canetti2007chosen,
  title={Chosen-ciphertext secure proxy re-encryption},
  author={Canetti, Ran and Hohenberger, Susan},
  booktitle={Proceedings of the 14th ACM conference on Computer and communications security},
  pages={185--194},
  year={2007},
  organization={ACM}
}

%8
@inproceedings{dai2014accelerating,
  title={{Accelerating NTRU based homomorphic encryption using GPUs}},
  author={Dai, Wei and Dor{\"o}z, Yark{\i}n and Sunar, Berk},
  booktitle={2014 IEEE High Performance Extreme Computing Conference (HPEC)},
  pages={1--6},
  year={2014},
  organization={IEEE}
}


%9
@inproceedings{dai2015cuhe,
  title={cuHE: A homomorphic encryption accelerator library},
  author={Dai, Wei and Sunar, Berk},
  booktitle={International Conference on Cryptography and Information Security in the Balkans},
  pages={169--186},
  year={2015},
  organization={Springer}
}


%10
@inproceedings{dhem1998recent,
  title={Recent results on modular multiplications for smart cards},
  author={Dhem, J-F and Quisquater, J-J},
  booktitle={International Conference on Smart Card Research and Advanced Applications},
  pages={336--352},
  year={1998},
  organization={Springer}
}

%11
@article{doroz2014homomorphic,
  title={{Homomorphic AES Evaluation using NTRU.}},
  author={Dor{\"o}z, Yarkin and Hu, Yin and Sunar, Berk},
  journal={IACR Cryptology ePrint Archive},
  volume={2014},
  pages={39},
  year={2014}
}

%12
@inproceedings{gentry2012homomorphic,
  title={{Homomorphic evaluation of the AES circuit}},
  author={Gentry, Craig and Halevi, Shai and Smart, Nigel P},
  booktitle={Annual Cryptology Conference},
  pages={850--867},
  year={2012},
  organization={Springer}
}

%13
@incollection{gentry2013homomorphic,
  title={{Homomorphic Encryption from Learning with Errors: Conceptually-Simpler, Asymptotically-Faster, Attribute-Based}},
  author={Gentry, Craig and Sahai, Amit and Waters, Brent},
  booktitle={Advances in Cryptology--CRYPTO 2013},
  pages={75--92},
  year={2013},
  publisher={Springer}
}

%14
@inproceedings{gentry2009fully,
  title={Fully homomorphic encryption using ideal lattices.},
  author={Gentry, Craig and others},
  booktitle={Stoc},
  volume={9},
  pages={169--178},
  year={2009}
}

%15
@inproceedings{halevi2014algorithms,
  title={{Algorithms in Helib}},
  author={Halevi, Shai and Shoup, Victor},
  booktitle={Annual Cryptology Conference},
  pages={554--571},
  year={2014},
  organization={Springer}
}

%16
@article{khedr2016shield,
  title={{SHIELD: Scalable homomorphic implementation of encrypted data-classifiers}},
  author={Khedr, Alhassan and Gulak, Glenn and Vaikuntanathan, Vinod},
  journal={IEEE Transactions on Computers},
  volume={65},
  number={9},
  pages={2848--2858},
  year={2016},
  publisher={IEEE}
}

%17
@inproceedings{khurana2006proxy,
  title={From proxy encryption primitives to a deployable secure-mailing-list solution},
  author={Khurana, Himanshu and Heo, Jin and Pant, Meenal},
  booktitle={International Conference on Information and Communications Security},
  pages={260--281},
  year={2006},
  organization={Springer}
}

%18
@article{laine2015key,
  title={{Key recovery for LWE in polynomial time}},
  author={Laine, Kim and Lauter, Kristin},
  year={2015},
  organization={Microsoft}
}

%19
@inproceedings{lindner2011better,
  title={{Better key sizes (and attacks) for LWE-based encryption}},
  author={Lindner, Richard and Peikert, Chris},
  booktitle={Cryptographersâ€™ Track at the RSA Conference},
  pages={319--339},
  year={2011},
  organization={Springer}
}

%20
@inproceedings{lopez2012fly,
  title={On-the-fly multiparty computation on the cloud via multikey fully homomorphic encryption},
  author={L{\'o}pez-Alt, Adriana and Tromer, Eran and Vaikuntanathan, Vinod},
  booktitle={Proceedings of the forty-fourth annual ACM symposium on Theory of computing},
  pages={1219--1234},
  year={2012}
}

%21
@inproceedings{micciancio2012trapdoors,
  title={{Trapdoors for lattices: Simpler, tighter, faster, smaller}},
  author={Micciancio, Daniele and Peikert, Chris},
  booktitle={Annual International Conference on the Theory and Applications of Cryptographic Techniques},
  pages={700--718},
  year={2012},
  organization={Springer}
}

%22
@article{polyakov2017fast,
  title={{Fast Proxy Re-Encryption for Publish/Subscribe Systems}},
  author={Polyakov, Yuriy and Rohloff, Kurt and Sahu, Gyana and Vaikuntanathan, Vinod},
  journal={ACM Transactions on Privacy and Security (TOPS)},
  volume={20},
  number={4},
  pages={14},
  year={2017},
  publisher={ACM}
}

%23
@article{regev2009lattices,
  title={On Lattices, Learning with Errors, Random Linear Codes, and Cryptography},
  author={Regev, Oded},
  journal={Journal of the ACM (JACM)},
  volume={56},
  number={6},
  pages={34},
  year={2009},
  publisher={ACM}
}

%24
@inproceedings{taban2006towards,
  title={{Towards a secure and interoperable DRM architecture}},
  author={Taban, Gelareh and C{\'a}rdenas, Alvaro A and Gligor, Virgil D},
  booktitle={Proceedings of the ACM workshop on Digital rights management},
  pages={69--78},
  year={2006},
  organization={ACM}
}
